<?xml version="1.0" encoding="UTF-8"?><collection xmlns="http://www.loc.gov/MARC21/slim"><record><leader>00417nam--2200169-i-4500</leader><controlfield tag="001">000012036</controlfield><controlfield tag="002">20161230</controlfield><controlfield tag="005">20170113152018</controlfield><controlfield tag="008">060222s1000------------r-----000-0-eng-d</controlfield><datafield ind1=" " ind2=" " tag="080"><subfield code="a">537.531</subfield></datafield><datafield ind1=" " ind2=" " tag="100"><subfield code="a">Comiton, Artur H</subfield></datafield><datafield ind1=" " ind2=" " tag="245"><subfield code="a">X-rays in theory and experiment</subfield></datafield><datafield ind1=" " ind2=" " tag="260"><subfield code="a">London</subfield><subfield code="b">Macmillan And Co</subfield><subfield code="c">1935</subfield></datafield><datafield ind1=" " ind2=" " tag="300"><subfield code="a">828 p</subfield></datafield><datafield ind1=" " ind2=" " tag="700"><subfield code="a">Allison, Samuel K</subfield></datafield><datafield ind1=" " ind2=" " tag="852"><subfield code="a">44416</subfield></datafield><datafield ind1=" " ind2=" " tag="CAT"><subfield code="a">SYS</subfield><subfield code="c">20170113</subfield><subfield code="h">152018</subfield></datafield></record></collection>